%% This BibTeX bibliography file was created using BibDesk.
%% http://bibdesk.sourceforge.net/


%% Created for Nils Rohwedder at 2011-12-28 17:14:57 +0100 


%% Saved with string encoding Unicode (UTF-8) 



@mastersthesis{wisebed,
	Author = {Daniel Bimschas},
	Date-Added = {2011-12-28 17:06:08 +0100},
	Date-Modified = {2011-12-28 17:10:08 +0100},
	School = {Universit{\"a}t zu L{\"u}beck},
	Title = {{I}nfrastruktursoftware zur {F}{\"o}deration von {S}ensornetzwerk-{T}estbeds},
	Year = {2009}}

@misc{protobuf_encoding,
	Author = {Google},
	Date-Added = {2011-12-22 16:36:05 +0100},
	Date-Modified = {2011-12-22 16:36:28 +0100},
	Howpublished = {\url{http://code.google.com/apis/protocolbuffers/docs/encoding.html}},
	Title = {{G}oogle {P}rotocol {B}uffers}}

@misc{mockito_doc,
	Author = {{S}zczepan {F}aber},
	Date-Added = {2011-12-22 16:33:05 +0100},
	Date-Modified = {2011-12-22 16:33:28 +0100},
	Howpublished = {\url{http://docs.mockito.googlecode.com/hg/latest/org/mockito/Mockito.html}},
	Title = {{M}ockito}}

@misc{protobuf_options,
	Author = {Google},
	Date-Added = {2011-12-20 19:11:53 +0100},
	Date-Modified = {2011-12-20 19:12:36 +0100},
	Howpublished = {\url{http://code.google.com/intl/de-DE/apis/protocolbuffers/docs/proto.html#options}},
	Title = {{G}oogle {P}rotocol {B}uffers}}

@misc{web_services,
	Author = {{W}orld {W}ide {W}eb {C}onsortium},
	Date-Added = {2011-12-21 15:08:13 +0100},
	Date-Modified = {2011-12-21 15:10:50 +0100},
	Howpublished = {\url{http://www.w3.org/TR/ws-arch/#relwwwrest}},
	Title = {Web services}}

@article{dht_can,
	Author = {Hari Balakrishnan and M. Frans Kaashoek and David Karger and Robert Morris and Ion Stoica},
	Date-Added = {2011-12-21 11:05:52 +0100},
	Date-Modified = {2011-12-21 11:14:14 +0100},
	Journal = {Communications of the ACM - Web science},
	Title = {{L}ooking up data in p2p systems},
	Year = {2003}}

@misc{chord,
	Author = {{M}{I}{T}},
	Date-Added = {2011-12-21 11:02:40 +0100},
	Date-Modified = {2011-12-21 11:05:48 +0100},
	Howpublished = {\url{http://pdos.csail.mit.edu/chord}},
	Title = {{C}hord}}

@book{peer_to_peer_system_architekturen,
	Author = {J{\"u}rgen Dunkel and Andreas Eberhart and Stefan Fischer and Carsten Kleiner and Arne Koschel},
	Date-Added = {2011-12-02 09:31:07 +0100},
	Date-Modified = {2011-12-02 09:33:33 +0100},
	Publisher = {Hanser},
	Title = {System-Architekturen f{\"u}r verteilte Anwendungen},
	Year = {2008}}

@article{trickle,
	Author = {Philip Levis and Eric Brewer and David Culler and David Gay and Sam Madden and Neil Patel and Joe Polastre and Scott Shenker and Robert Szewczyk and Alec Woo},
	Date-Added = {2011-11-26 12:54:19 +0100},
	Date-Modified = {2011-11-26 13:06:23 +0100},
	Journal = {Communications of the ACM - Web science},
	Title = {The Emergence of a Networking Primitive in Wireless Sensor Networks},
	Year = {2008},
	Bdsk-File-1 = {YnBsaXN0MDDUAQIDBAUIJidUJHRvcFgkb2JqZWN0c1gkdmVyc2lvblkkYXJjaGl2ZXLRBgdUcm9vdIABqAkKFRYXGyIjVSRudWxs0wsMDQ4RFFpOUy5vYmplY3RzV05TLmtleXNWJGNsYXNzog8QgASABqISE4ACgAOAB1lhbGlhc0RhdGFccmVsYXRpdmVQYXRo0hgNGRpXTlMuZGF0YU8RAigAAAAAAigAAgAADE1hY2ludG9zaCBIRAAAAAAAAAAAAAAAAAAAAMe40LlIKwAAADgUox9DaHJpc3RvcGhfLV9UaGVfRW1lciMzODI4QjAucGRmAAAAAAAAAAAAAAAAAAAAAAAAAAAAAAAAAAAAAAAAAAAAOCiwyOX92wAAAAAAAAAAAAIAAwAACSAAAAAAAAAAAAAAAAAAAAAFc2VtMTEAABAACAAAx7jCqQAAABEACAAAyOXhuwAAAAEAEAA4FKMACVkiAAhLjAAAkjsAAgBHTWFjaW50b3NoIEhEOlVzZXJzOm5yb2h3ZWRkZXI6dW5pOnNlbTExOkNocmlzdG9waF8tX1RoZV9FbWVyIzM4MjhCMC5wZGYAAA4AgAA/AEMAaAByAGkAcwB0AG8AcABoAF8ALQBfAFQAaABlAF8ARQBtAGUAcgBnAGUAbgBjAGUAXwBvAGYAXwBBAF8ATgBlAHQAdwBvAHIAawBpAG4AZwBfAFAAcgBpAG0AaQB0AGkAdgBlAF8AaQBuAF8AVwBTAE4AcwAuAHAAZABmAA8AGgAMAE0AYQBjAGkAbgB0AG8AcwBoACAASABEABIAWlVzZXJzL25yb2h3ZWRkZXIvdW5pL3NlbTExL0NocmlzdG9waF8tX1RoZV9FbWVyZ2VuY2Vfb2ZfQV9OZXR3b3JraW5nX1ByaW1pdGl2ZV9pbl9XU05zLnBkZgATAAEvAAAVAAIAEf//AACABdIcHR4fWCRjbGFzc2VzWiRjbGFzc25hbWWjHyAhXU5TTXV0YWJsZURhdGFWTlNEYXRhWE5TT2JqZWN0XxBPLi4vLi4vdW5pL3NlbTExL0NocmlzdG9waF8tX1RoZV9FbWVyZ2VuY2Vfb2ZfQV9OZXR3b3JraW5nX1ByaW1pdGl2ZV9pbl9XU05zLnBkZtIcHSQloiUhXE5TRGljdGlvbmFyeRIAAYagXxAPTlNLZXllZEFyY2hpdmVyAAgAEQAWAB8AKAAyADUAOgA8AEUASwBSAF0AZQBsAG8AcQBzAHYAeAB6AHwAhgCTAJgAoALMAs4C0wLcAucC6wL5AwADCQNbA2ADYwNwA3UAAAAAAAACAQAAAAAAAAAoAAAAAAAAAAAAAAAAAAADhw==}}

@misc{mockito,
	Author = {{S}zczepan {F}aber},
	Date-Added = {2011-11-18 17:24:56 +0100},
	Date-Modified = {2011-11-18 17:27:30 +0100},
	Howpublished = {\url{http://code.google.com/p/mockito/}},
	Title = {{M}ockito},
	Bdsk-Url-1 = {http://code.google.com/p/mockito/}}

@misc{maven,
	Author = {Software Foundation Apache},
	Date-Added = {2011-11-07 16:13:49 +0100},
	Date-Modified = {2011-11-18 17:38:42 +0100},
	Howpublished = {\url{http://maven.apache.org/}},
	Title = {Maven},
	Bdsk-Url-1 = {http://maven.apache.org/}}

@misc{uberlay,
	Author = {{I}nstitut der {T}elematik an der {U}niversit"at zu {L}"ubeck},
	Date-Added = {2011-11-03 18:44:55 +0100},
	Date-Modified = {2011-11-03 18:48:43 +0100},
	Howpublished = {\url{https://github.com/itm/uberlay}},
	Title = {{U}berlay},
	Bdsk-Url-1 = {https://github.com/itm/uberlay}}

@misc{corba,
	Author = {OMG},
	Date-Added = {2011-11-03 18:12:34 +0100},
	Date-Modified = {2011-11-03 18:24:31 +0100},
	Howpublished = {\url{http://www.omg.org/spec/CORBA/}},
	Title = {{C}ommon {O}bject {R}equest {B}roker {A}rchitecture ({CORBA})-{S}pecifications},
	Bdsk-Url-1 = {http://www.omg.org/spec/}}

@misc{protobuf,
	Author = {Google},
	Date-Added = {2011-11-03 17:43:45 +0100},
	Date-Modified = {2011-12-20 19:12:49 +0100},
	Howpublished = {\url{http://code.google.com/p/protobuf/}},
	Title = {{G}oogle {P}rotocol {B}uffers},
	Bdsk-Url-1 = {http://code.google.com/p/protobuf/}}

@misc{netty,
	Author = {JBoss},
	Date-Added = {2011-11-03 17:43:15 +0100},
	Date-Modified = {2011-11-03 18:25:41 +0100},
	Howpublished = {\url{http://www.jboss.org/netty}},
	Title = {{JB}oss-{N}etty},
	Bdsk-Url-1 = {http://www.jboss.org/netty}}
